<record><leader>00000cas a2200000 a 4500</leader><controlfield tag="001">24948555</controlfield><controlfield tag="008">911213d19101917ncumr ne      0   a0eng c</controlfield><datafield ind1=" " ind2=" " tag="010"><subfield code="a">sn 91068502 </subfield></datafield><datafield ind1=" " ind2=" " tag="040"><subfield code="a">NVJ</subfield><subfield code="b">eng</subfield><subfield code="c">NVJ</subfield><subfield code="d">EYM</subfield><subfield code="d">OCLCQ</subfield><subfield code="d">OCLCF</subfield><subfield code="d">OCLCO</subfield><subfield code="d">DLC</subfield></datafield><datafield ind1=" " ind2=" " tag="012"><subfield code="i">9308</subfield></datafield><datafield ind1="0" ind2=" " tag="022"><subfield code="a">2475-093X</subfield><subfield code="2">1</subfield></datafield><datafield ind1=" " ind2=" " tag="042"><subfield code="a">pcc</subfield><subfield code="a">nsdp</subfield></datafield><datafield ind1=" " ind2=" " tag="043"><subfield code="a">n-us---</subfield></datafield><datafield ind1="0" ind2="0" tag="050"><subfield code="a">Newspaper</subfield></datafield><datafield ind1="1" ind2="0" tag="082"><subfield code="a">071</subfield><subfield code="2">23</subfield></datafield><datafield ind1=" " ind2=" " tag="090"><subfield code="a">HX821</subfield><subfield code="b">.F68</subfield></datafield><datafield ind1="0" ind2=" " tag="130"><subfield code="a">Fool-killer (Moravian Falls, N.C.)</subfield></datafield><datafield ind1=" " ind2="4" tag="222"><subfield code="a">The fool-killer</subfield><subfield code="b">(Moravian Falls, N.C. Print)</subfield></datafield><datafield ind1="1" ind2="4" tag="245"><subfield code="a">The fool-killer.</subfield></datafield><datafield ind1=" " ind2=" " tag="260"><subfield code="a">Moravian Falls, N.C. :</subfield><subfield code="b">J.L. Pearson,</subfield><subfield code="c">1910-1917.</subfield></datafield><datafield ind1=" " ind2=" " tag="300"><subfield code="a">8 v.</subfield></datafield><datafield ind1=" " ind2=" " tag="310"><subfield code="a">Monthly</subfield></datafield><datafield ind1="0" ind2=" " tag="362"><subfield code="a">Vol. 1, no. 1 (Jan. 1910)-v. 8, no. 1 (July, 1917).</subfield></datafield><datafield ind1=" " ind2=" " tag="500"><subfield code="a">Published in Boomer, N.C., Feb. 1916-July 1917.</subfield></datafield><datafield ind1=" " ind2=" " tag="530"><subfield code="a">Archived issues are available in digital format from the Library of Congress Chronicling America online collection.</subfield></datafield><datafield ind1=" " ind2="0" tag="650"><subfield code="a">Anarchism</subfield><subfield code="z">United States</subfield><subfield code="v">Periodicals.</subfield></datafield><datafield ind1=" " ind2="7" tag="650"><subfield code="a">Anarchism.</subfield><subfield code="2">fast</subfield><subfield code="0">(OCoLC)fst00808387</subfield></datafield><datafield ind1=" " ind2="0" tag="651"><subfield code="a">Moravian Falls (N.C.)</subfield><subfield code="v">Newspapers.</subfield></datafield><datafield ind1=" " ind2="7" tag="651"><subfield code="a">United States.</subfield><subfield code="2">fast</subfield><subfield code="0">(OCoLC)fst01204155</subfield></datafield><datafield ind1=" " ind2="7" tag="655"><subfield code="a">Periodicals.</subfield><subfield code="2">fast</subfield><subfield code="0">(OCoLC)fst01411641</subfield></datafield><datafield ind1=" " ind2=" " tag="752"><subfield code="a">United States</subfield><subfield code="b">North Carolina</subfield><subfield code="c">Wilkes</subfield><subfield code="d">Moravian Falls.</subfield></datafield><datafield ind1=" " ind2=" " tag="752"><subfield code="a">United States</subfield><subfield code="b">North Carolina</subfield><subfield code="c">Wilkes</subfield><subfield code="d">Boomer.</subfield></datafield><datafield ind1="0" ind2="8" tag="776"><subfield code="i">Online version:</subfield><subfield code="t">Fool-killer (Moravian Falls, N.C.)</subfield><subfield code="x">2475-0948</subfield><subfield code="w">(DLC)  2016271241</subfield><subfield code="w">(OCoLC)964082889</subfield></datafield><datafield ind1="0" ind2="0" tag="785"><subfield code="t">Good news (Boomer, N.C.)</subfield><subfield code="w">(DLC)sn 91068503</subfield><subfield code="w">(OCoLC)24949064</subfield></datafield><datafield ind1="4" ind2="1" tag="856"><subfield code="u">http://chroniclingamerica.loc.gov/lccn/sn91068502/issues/</subfield></datafield><datafield ind1=" " ind2=" " tag="850"><subfield code="a">MiU</subfield></datafield></record>